@preamble{ "\newcommand{\noopsort}[1]{} "
        # "\newcommand{\printfirst}[2]{#1} "
        # "\newcommand{\singleletter}[1]{#1} "
        # "\newcommand{\switchargs}[2]{#2#1} " }

@book{koch2000chemist,
  title={A chemist's guide to density functional theory},
  author={Koch, Wolfram and Holthausen, Max C},
  year={2000},
  publisher={John Wiley \& Sons}
}

@book{polak2000obecna,
  title={Obecná chemie: Stručný úvod},
  author={Polák, Rudolf and Zahradník, Rudolf},
  year={2000},
  publisher={Academia-nakladatelství Akademie věd ČR}
}

@MastersThesis{Munzarova1996thesis,
AUTHOR = "BAUCHNEROVÁ, Markéta",
TITLE = "Didaktika kvalitativní teorie MO a pojem hypervalence ",
YEAR = "1996 [cit. 2016-05-01]",
TYPE = "Diplomová práce", 
SCHOOL = "Masarykova univerzita, Přírodovědecká fakulta, Brno",
SUPERVISOR = "Pavel Kubáček", 
}

@book{lechamolecularmodeling,
Author = {Leach, Andrew R.},
ISBN = {0-582-38210-6},
Publisher = {Harlow : Prentice Hall, 2001},
Title = {Molecular modelling : principles and applications.},
URL = {http://ezproxy.muni.cz/login?url=http://search.ebscohost.com/login.aspx?direct=true&AuthType=ip,cookie,uid&db=cat02515a&AN=muc.MUB01000367636&lang=cs&site=eds-live&scope=site},
Year = {2001},
}

@PhdThesis{Styskalik2015thesis,
AUTHOR = "STÝSKALÍK, Aleš",
TITLE = "Synthesis of metallophosphate materials by nonhydrolytic methods [online]",
YEAR = "2015 [cit. 2016-05-01]",
TYPE = "Disertační práce", 
SCHOOL = "Masarykova univerzita, Přírodovědecká fakulta, Brno",
SUPERVISOR = "Jiří Pinkas", 
URL = "http://is.muni.cz/th/211138/prif_d/",
}

@book{lowe2011quantum,
  title={Quantum Chemistry},
  author={Lowe, J.P. and Peterson, K.},
  isbn={9780080470788},
  url={https://books.google.cz/books?id=OOmGAwAAQBAJ},
  year={2011},
  publisher={Elsevier Science}
}

@Unpublished{pdf_obrazek,
author = {},
title = {Hierarchie of ab initio Post-HF metod. Přetisknuto s laskavým svolením Prof. Martina Kauppa, TU Berlín.
},
}

@unpublished{dftshrnutivysledky,
  author = {Daniel Hollas and Vít Svoboda and Ondřej Svoboda and Petr Slavíček},
  title = {Kvantová chemie: První cvičení},
  address = {Praha},
  year = {2014},
  URL = {http://ufch.vscht.cz/files/uzel/0013999/yy5LzCvJL0vUTc5Izc1M1TUqSi3LLM7MzwMA.pdf},
}

@book{warren1986ab,
  title={AB INITIO Molecular Orbital Theory},
  author={Warren J. Hehre},
  lccn={lc84019524},
  series={A Wiley-Interscience publication},
  url={https://books.google.cz/books?id=ZHx65O\_idmgC},
  year={1986},
  publisher={Wiley}
}

@book{jensen2007introduction,
  title={Introduction to Computational Chemistry},
  author={Jensen, F.},
  isbn={9780470058046},
  url={https://books.google.cz/books?id=RDIG48UcZfYC},
  year={2007},
  publisher={Wiley}
}

@book{korotcenkov2013handbook,
  title={Handbook of Gas Sensor Materials: Properties, Advantages and Shortcomings for Applications Volume 1: Conventional Approaches},
  author={Korotcenkov, G.},
  isbn={9781461471653},
  lccn={2013936792},
  series={Integrated Analytical Systems},
  url={https://books.google.cz/books?id=iSzhAAAAQBAJ},
  year={2013},
  publisher={Springer New York}
}

@article{1306716,
   author = {Stýskalík, Aleš and Škoda, David and Moravec, Zdeněk and Babiak, Michal and Barnes, Craig E. and Pinkas, Jiří},
   article_number = {14},
   
   issn = {2050-7488},
   journal = {Journal of Materials Chemistry A},
   title = {Control of micro/mesoporosity in non-hydrolytic hybrid silicophosphate xerogels},
   volume = {3},
   year = {2015}
}


@article{1316862,
   author = {Stýskalík, Aleš and Škoda, David and Moravec, Zdeněk and Roupcová, Pavla and Barnes, Craig E. and Pinkas, Jiří},
   article_location = {Cambridge},
   article_number = {90},
   issn = {2046-2069},
   journal = {RSC Advances},
   title = {Non-aqueous template-assisted synthesis of mesoporous nanocrystalline silicon orthophosphate},
   volume = {5},
   year = {2015}
}

﻿@article{Fougret2001295,
title = "Ethylene hydration over metal phosphates impregnated with phosphoric acid ",
journal = "Applied Catalysis A: General ",
volume = "207",
number = "1–2",
pages = "295 - 301",
year = "2001",
note = "",
issn = "0926-860X",
author = "C.M. Fougret and W.F. Hölderich",
}



@article{rendler2005hypervalent,
  title={Hypervalent silicon as a reactive site in selective bond-forming processes},
  author={Rendler, Sebastian and Oestreich, Martin},
  journal={Synthesis},
  number={11},
  pages={1727--1747},
  year={2005},
  publisher={Thieme}
}

@article{cacao,
title = {MO theory made visible},
author = {C. Mealli},
journal = {Journal of Chemical Education},
number = {5},
pages = {399},
year = {1990},
}


@book{celyprincipy,
  title={Základy kvantové mechaniky pro chemiky: I.Principy},
  author={Celý, Jan},
  year={1981},
  publisher={Brno, Rektorát UJEP}
}

@book{celyaplikace,
  title={Základy kvantové mechaniky pro chemiky: II.Aplikace},
  author={Celý, Jan},
  year={1983},
  publisher={Brno, Rektorát UJEP}
}

